<?xml version="1.0" encoding="UTF-8"?><collection xmlns="http://www.loc.gov/MARC21/slim"><record><leader>00377nam--2200109-i-4500</leader><controlfield tag="001">000005211</controlfield><controlfield tag="002">20161230</controlfield><controlfield tag="005">20161230201026</controlfield><controlfield tag="008">060222s1000------------r-----000-0-eng-d</controlfield><datafield ind1=" " ind2=" " tag="245"><subfield code="a">Colloque sur la recherche en physique au moyen des neutrons emis par les piles, vienne, 17-21 oct., 1960. resumes des memoires</subfield></datafield><datafield ind1=" " ind2=" " tag="260"><subfield code="a">Vienne, Agence Intern.De L Energie Atom., 1960</subfield></datafield><datafield ind1=" " ind2=" " tag="852"><subfield code="a">14199</subfield></datafield></record></collection>